@ARTICLE{bloom19842,
  TITLE="The 2 sigma problem: The search for methods of group instruction as effective as one-to-one tutoring",
  AUTHOR="Bloom, Benjamin S",
  JOURNAL="Educational researcher",
  PAGES={4--16},
  YEAR={1984},
  PUBLISHER="JSTOR"
}

@TECHREPORT{shute1994intelligent,
  TITLE={Intelligent Tutoring Systems: Past, Present, and Future.},
  AUTHOR="Shute, Valerie J and Psotka, Joseph",
  YEAR={1994},
  INSTITUTION={DTIC Document}
}

@BOOK{ellis1994study,
  TITLE="The study of second language acquisition",
  AUTHOR="Ellis, Rod",
  YEAR={1994},
  PUBLISHER="Oxford University Press"
}

@techreport{krashen2011does,
  title={Does Duolingo 'Trump' University-Level Language Learning?},
  author={Krashen, Stephen},
  year={2011},
  institution={The International Journal of Foreign Language Teaching}
}

@ARTICLE{context1990,
  TITLE="Learning and applying contextual constraints in sentence comprehension",
  AUTHOR="Mark F. St. John, James L. McClelland",
  JOURNAL="Artificial Intelligence",
  YEAR={1990},
  PUBLISHER="Elsevier"
}

@inproceedings{wharton1994cognitive,
  title={The cognitive walkthrough method: A practitioner's guide},
  author={Wharton, Cathleen and Rieman, John and Lewis, Clayton and Polson, Peter},
  booktitle={Usability inspection methods},
  pages={105--140},
  year={1994},
  organization={John Wiley \& Sons, Inc.}
}

@ONLINE{usability,
author = {},
title = {Usability Methods},
url = {http://www.usabilityfirst.com/usability-methods},
note = {Accessed December 8, 2015}
}
